%
% This is file `coppe.bib'.
%
% Bibliographic references for the documentation.
%
% Copyright (C) 2011 CoppeTeX Project and any individual authors listed
% elsewhere in this file.
%
% This program is free software; you can redistribute it and/or modify
% it under the terms of the GNU General Public License version 3 as
% published by the Free Software Foundation.
%
% This program is distributed in the hope that it will be useful,
% but WITHOUT ANY WARRANTY; without even the implied warranty of
% MERCHANTABILITY or FITNESS FOR A PARTICULAR PURPOSE. See the
% GNU General Public License version 3 for more details.
%
% You should have received a copy of the GNU General Public License
% version 3 along with this package (see COPYING file).
% If not, see <http://www.gnu.org/licenses/>.
%
% $URL: https://coppetex.svn.sourceforge.net/svnroot/coppetex/trunk/coppe.bib $
% $Id: coppe.bib 118 2008-10-18 14:17:06Z helano $
%
% Author(s): Vicente H. F. Batista
%            George O. Ainsworth Jr.
%

@inproceedings{medibot,
	author = {Caio Avila and Tulio Rolim and José Wellington da Silva  and Vania Maria Vidal},
	title = {MediBot: Um chatbot para consulta de riscos e informações sobre medicamentos},
	booktitle = {Anais Estendidos do XIX Simpósio Brasileiro de Computação Aplicada à Saúde},
	location = {Niterói},
	year = {2019},
	keywords = {},
	pages = {1--6},
	publisher = {SBC},
	address = {Porto Alegre, RS, Brasil},
	url = {https://sol.sbc.org.br/index.php/sbcas_estendido/article/view/6275}
}

@inproceedings{helpcare,
	author = {Natália Oliveira and Allan Costa and Diovanni Araujo and Carlos Portela},
	title = {HelpCare: Um Protótipo de ChatBot para o Auxílio do Tratamento de Doenças Crônicas},
	booktitle = {Anais do XIX Simpósio Brasileiro de Computação Aplicada à Saúde},
	location = {Niterói},
	year = {2019},
	keywords = {},
	pages = {282--287},
	publisher = {SBC},
	address = {Porto Alegre, RS, Brasil},
	url = {https://portaldeconteudo.sbc.org.br/index.php/sbcas/article/view/6263}
}
@inproceedings{prefeitobot,
	author = {Lucas de Paula and Matheus Angrade and Lucas Rolim and Rafael Damasceno and Rodrigo de Jesus},
	title = {A revolução da comunicação cicadão-gestor público através da troca de mensagens automatizada},
	booktitle = {Anais do XIV Encontro Nacional de Engenharia e Desenvolvimento Social},
	location = {Itajubá},
	year = {2017},
	keywords = {meios de comunicação, chatbot, informação pública, melhorias no sistema público, automatização em redes sociais},
	url = {http://www.eneds.net/anais/index.php/edicoes/eneds2017/paper/view/537}
}
@article{chatbot_definition,
	author = {Victor Hugo Aquino e Mario Henrique Adaniya},
	title = { Desenvolvimento e aplicações de Chatbot},
	journal = {Revista Terra \& Cultura: Cadernos de Ensino e Pesquisa},
	volume = {34},
	number = {esp.},
	year = {2018},
	keywords = {},
	abstract = {Chatterbots são sistemas computacionais que se propõe a conversar em linguagem natural como se fossem humanos. Essa característica tem despertado um grande interesse das diversas áreas do conhecimento, inclusive no campo da Ciência da Computação, na busca por uma interface que se aproxime da linguagem natural humana. A inclusão de interatividade entre humano-máquina possui um papel fundamental no intuito de melhorar o desempenho desses sistemas, analisando e influenciando o comportamento do usuário. Desta forma, este artigo visa definir os conceitos, estrutura de desenvolvimento, métricas e tecnologias envolvidas, estabelecendo um pequeno roteiro de construção e sanar dúvidas sobre o assunto em questão.},
	issn = {2596-2809},	url = {http://periodicos.unifil.br/index.php/Revistateste/article/view/297}
}

@inproceedings{jain2018convey,
	title={Convey: Exploring the use of a context view for chatbots},
	author={Jain, Mohit and Kota, Ramachandra and Kumar, Pratyush and Patel, Shwetak N},
	booktitle={Proceedings of the 2018 CHI Conference on Human Factors in Computing Systems},
	pages={468},
	year={2018},
	organization={ACM}
}

@article{tam_davis,
	title={User acceptance of information technology: system characteristics, user perceptions and behavioral impacts},
	author={Davis, Fred D},
	journal={International journal of man-machine studies},
	volume={38},
	number={3},
	pages={475--487},
	year={1993},
	publisher={Elsevier}
}