%
% This is file `coppe.bib'.
%
% Bibliographic references for the documentation.
%
% Copyright (C) 2011 CoppeTeX Project and any individual authors listed
% elsewhere in this file.
%
% This program is free software; you can redistribute it and/or modify
% it under the terms of the GNU General Public License version 3 as
% published by the Free Software Foundation.
%
% This program is distributed in the hope that it will be useful,
% but WITHOUT ANY WARRANTY; without even the implied warranty of
% MERCHANTABILITY or FITNESS FOR A PARTICULAR PURPOSE. See the
% GNU General Public License version 3 for more details.
%
% You should have received a copy of the GNU General Public License
% version 3 along with this package (see COPYING file).
% If not, see <http://www.gnu.org/licenses/>.
%
% $URL: https://coppetex.svn.sourceforge.net/svnroot/coppetex/trunk/coppe.bib $
% $Id: coppe.bib 118 2008-10-18 14:17:06Z helano $
%
% Author(s): Vicente H. F. Batista
%            George O. Ainsworth Jr.
%

@article{gusmao2004historia,
	title={Hist{\'o}ria da Medicina},
	author={Gusm{\~a}o, Sebasti{\~a}o},
	journal={JBNC-JORNAL BRASILEIRO DE NEUROCIRURGIA},
	volume={15},
	number={1},
	pages={5--10},
	year={2004}
}

@article{spiacci2015serotonin,
	title={Serotonin in the dorsal periaqueductal gray inhibits panic-like defensive behaviors in rats exposed to acute hypoxia},
	author={Spiacci Jr, A and de Oliveira Sergio, T and da Silva, GSF and Glass, ML and Schenberg, LC and Garcia-Cairasco, N and Zangrossi Jr, H},
	journal={Neuroscience},
	volume={307},
	pages={191--198},
	year={2015},
	publisher={Elsevier}
}

@article{spiacci2018panic,
	title={Panic-like escape response elicited in mice by exposure to CO2, but not hypoxia},
	author={Spiacci Jr, Ailton and Vilela-Costa, Heloisa H and Sant'Ana, Ana Beatriz and Fernandes, Gabriel Gripp and Frias, Alana Tercino and da Silva, Glauber S Ferreira and Antunes-Rodrigues, Jos{\'e} and Zangrossi Jr, H{\'e}lio},
	journal={Progress in Neuro-Psychopharmacology and Biological Psychiatry},
	volume={81},
	pages={178--186},
	year={2018},
	publisher={Elsevier}
}

@misc{bestProgrammingLanguagesForAI2020,
	title   ={5 Best Programming Languages for Artificial Intelligence in 2020},
	url     ={https://dev.to/saikrishna_iam/top-5-best-programming-languages-for-artificial-intelligence-in-2020-5ghj},
	organization={Dev.to},
	urlaccessdate={10 fev. 2020}
}


@misc{Flask,
	title   ={Flask},
	url     ={https://www.palletsprojects.com/p/flask/},
	organization={Armin Ronacher and contributors},
	urlaccessdate={10 fev. 2020}
}

@misc{Flask,
	title   ={Função que permitir digitar numeros},
	url     ={http://www.receita.fazenda.gov.br/aplicacoes/atcta/cpf/funcoes.js},
	organization={Ministério da Fazenda},
	urlaccessdate={10 fev. 2020}
}
